<?xml version="1.0" encoding="UTF-8"?><record xmlns="http://www.loc.gov/MARC21/slim" xmlns:cinclude="http://apache.org/cocoon/include/1.0" xmlns:zs="http://www.loc.gov/zing/srw/">
  <leader>00390nz  a2200121n  4500</leader>
  <controlfield tag="001">n  87819353 </controlfield>
  <controlfield tag="003">DLC</controlfield>
  <controlfield tag="005">19870327142327.1</controlfield>
  <controlfield tag="008">870327n| acannaab|          |n aad |||  </controlfield>
  <datafield tag="010" ind1=" " ind2=" ">
    <subfield code="a">n  87819353 </subfield>
  </datafield>
  <datafield tag="040" ind1=" " ind2=" ">
    <subfield code="a">DLC</subfield>
    <subfield code="c">DLC</subfield>
  </datafield>
  <datafield tag="100" ind1="1" ind2="0">
    <subfield code="a">Hilkert, Robert N.</subfield>
  </datafield>
  <datafield tag="670" ind1=" " ind2=" ">
    <subfield code="a">nuc87-26636: His The board member, opportunity for service, 1965?</subfield>
    <subfield code="b">(hdg. on CaBVaU rept.: Hilkert, Robert N.; usage: Robert N. Hilkert)</subfield>
  </datafield>
</record>